@Thesis{liang,
  hyphenation = {american},
  author = {Liang, Franklin Mark},
  title = {Word Hy-phen-a-tion by Com-put-er},
  institution = {Department of Computer Science, Stanford University},
  location = {Stanford},
  type  = {phdthesis},
  date = {1983-06},
  url = {http://www.tug.org/docs/liang/},
  urldate = {2010-03-25}
}